%1	Books %

@book{Kardar2007,
	title     = {Statistical Physics of Fields},
	author    = {Kardar, Mehran},
	doi       = {10.1017/CBO9780511815881},
	url       = {https://doi.org/10.1017/CBO9780511815881},
	publisher = {Cambridge University Press},
	year      = {2007},
}

@book{Dutta2015,
	title     = {Quantum Phase Transitions in Transverse Field Spin Models: From Statistical Physics to Quantum Information},
	author    = {Dutta, Amit and Aeppli, Gabriel and Chakrabarti, Bikas K. and Divakaran, Uma and Rosenbaum, Thomas F. and Sen, Diptiman},
	doi       = {10.1017/cbo9781107706057},
	url       = {https://doi.org/10.1017/cbo9781107706057},
	publisher = {Cambridge University Press},
	year      = {2015},
}

%1 Luttinger's theorem %

@article{Luttinger1960,
	title     = {Fermi Surface and Some Simple Equilibrium Properties of a System of Interacting Fermions},
	author    = {Luttinger, J. M.},
	journal   = {Phys. Rev.},
	volume    = {119},
	issue     = {4},
	pages     = {1153--1163},
	year      = {1960},
	month     = {Aug},
	publisher = {American Physical Society},
	url       = {http://dx.doi.org/10.1103/PhysRev.119.1153},
}

@article{Oshikawa2000,
	title     = {Topological Approach to Luttinger's Theorem and the Fermi Surface of a Kondo Lattice},
	author    = {Oshikawa, Masaki},
	journal   = {Phys. Rev. Lett.},
	volume    = {84},
	issue     = {15},
	pages     = {3370--3373},
	year      = {2000},
	month     = {Apr},
	publisher = {American Physical Society},
	url       = {http://dx.doi.org/10.1103/PhysRevLett.84.3370},
}

@article{Praz2005,
	url       = {http://dx.doi.org/10.1209/epl/i2005-10188-9},
	year      = 2005,
	month     = {oct},
	publisher = {IOP Publishing},
	volume    = {72},
	number    = {1},
	pages     = {49--54},
	author    = {A Praz and J Feldman and H Knörrer and E Trubowitz},
	title     = {A proof of Luttinger's theorem},
	journal   = {Europhysics Letters (EPL)},
}

%1 Schwinger model %

@article{Schwinger1962,
	title     = {Gauge Invariance and Mass. II},
	author    = {Schwinger, Julian},
	journal   = {Phys. Rev.},
	volume    = {128},
	issue     = {5},
	pages     = {2425--2429},
	year      = {1962},
	month     = {Dec},
	publisher = {American Physical Society},
	doi       = {http://dx.doi.org/10.1103/PhysRev.128.2425},
}

%1 Berezinskii-Kosterlitz-Thouless transition %

@article{Berezinsky1970,
	author  = {Berezinsky, V. L.},
	title   = {Destruction of long range order in one-dimensional and two-dimensional systems having a continuous symmetry group. I. Classical systems},
	journal = {Sov. Phys. JETP},
	volume  = {32},
	year    = {1971},
	pages   = {493-500},
	note    = {[Zh. Eksp. Teor. Fiz.59,907(1971)]},
}

@article{Berezinskii1972,
	author  = {Berezinski, V. L.},
	title   = {Destruction of Long-range Order in One-dimensional and Two-dimensional Systems Possessing a Continuous Symmetry Group. II. Quantum Systems},
	journal = {Soviet Journal of Experimental and Theoretical Physics},
	year    = {1972},
	month   = {Jan},
	volume  = {34},
	pages   = {610},
	url     = {https://ui.adsabs.harvard.edu/abs/1972JETP...34..610B},
}

@article{Kosterlitz1973,
	doi       = {https://doi.org/10.1088/0022-3719/6/7/010},
	year      = {1973},
	month     = {apr},
	publisher = {IOP Publishing},
	volume    = {6},
	number    = {7},
	pages     = {1181--1203},
	author    = {J M Kosterlitz and D J Thouless},
	title     = {Ordering, metastability and phase transitions in two-dimensional systems},
	journal   = {Journal of Physics C: Solid State Physics},
}

@article{Kosterlitz1974,
	doi       = {https://doi.org/10.1088/0022-3719/7/6/005},
	year      = {1974},
	month     = {mar},
	publisher = {IOP Publishing},
	volume    = {7},
	number    = {6},
	pages     = {1046--1060},
	author    = {J M Kosterlitz},
	title     = {The critical properties of the two-dimensional xy model},
	journal   = {Journal of Physics C: Solid State Physics},
}

@article{Jose1977,
	title     = {Renormalization, vortices, and symmetry-breaking perturbations in the two-dimensional planar model},
	author    = {Jos\'e, Jorge V. and Kadanoff, Leo P. and Kirkpatrick, Scott and Nelson, David R.},
	journal   = {Phys. Rev. B},
	volume    = {16},
	issue     = {3},
	pages     = {1217--1241},
	year      = {1977},
	month     = {Aug},
	publisher = {American Physical Society},
	doi       = {https://doi.org/10.1103/PhysRevB.16.1217},
	url       = {https://link.aps.org/doi/10.1103/PhysRevB.16.1217}
}

@article{Nelson1977,
	author  = {Nelson, David R. and Kosterlitz, J. M.},
	title   = {Universal Jump in the Superfluid Density of Two-Dimensional Superfluids},
	journal = {Phys. Rev. Lett.},
	volume  = {39},
	year    = {1977},
	pages   = {1201-1205},
	doi     = {https://doi.org/10.1103/PhysRevLett.39.1201},
}

@article{Amit1980,
	doi       = {https://doi.org/10.1088/0305-4470/13/2/024},
	year      = {1980},
	month     = {feb},
	publisher = {IOP Publishing},
	volume    = {13},
	number    = {2},
	pages     = {585--620},
	author    = {D J Amit and Y Y Goldschmidt and S Grinstein},
	title     = {Renormalisation group analysis of the phase transition in the 2D Coulomb gas, Sine-Gordon theory and {XY}-model},
	journal   = {Journal of Physics A: Mathematical and General},
}

%1 Quantum Hall effect, gauge invariance, and quantum pump %

@article{Klitzing1980,
	title     = {New Method for High-Accuracy Determination of the Fine-Structure Constant Based on Quantized Hall Resistance},
	author    = {Klitzing, K. v. and Dorda, G. and Pepper, M.},
	journal   = {Phys. Rev. Lett.},
	volume    = {45},
	issue     = {6},
	pages     = {494--497},
	year      = {1980},
	month     = {Aug},
	publisher = {American Physical Society},
	url       = {https://doi.org/10.1103/PhysRevLett.45.494}
}

@article{Laughlin1981,
	author  = {Laughlin, R. B.},
	title   = {Quantized Hall conductivity in two-dimensions},
	journal = {Phys. Rev. B},
	volume  = {B23},
	year    = {1981},
	pages   = {5632-5733},
	url     = {https://doi.org/10.1103/PhysRevB.23.5632},
}

@article{Halperin1982,
	title     = {Quantized Hall conductance, current-carrying edge states, and the existence of extended states in a two-dimensional disordered potential},
	author    = {Halperin, B. I.},
	journal   = {Phys. Rev. B},
	volume    = {25},
	issue     = {4},
	pages     = {2185--2190},
	year      = {1982},
	month     = {Feb},
	publisher = {American Physical Society},
	url       = {https://doi.org/10.1103/PhysRevB.25.2185},
}

@article{Tsui1982,
	title     = {Two-Dimensional Magnetotransport in the Extreme Quantum Limit},
	author    = {Tsui, D. C. and Stormer, H. L. and Gossard, A. C.},
	journal   = {Phys. Rev. Lett.},
	volume    = {48},
	publisher = {American Physical Society (APS)},
	year      = {1982},
	month     = {May},
	pages     = {1559-1562},
	url       = {https://doi.org/10.1103/physrevlett.48.1559},
}

@article{Oshikawa2006,
	title     = {Fractionalization, Topological Order, and Quasiparticle Statistics},
	author    = {Oshikawa, Masaki and Senthil, T.},
	journal   = {Phys. Rev. Lett.},
	volume    = {96},
	issue     = {6},
	publisher = {American Physical Society (APS)},
	year      = {2006},
	month     = {Feb},
	url       = {https://doi.org/10.1103/physrevlett.96.060601},
}

%1 Nielsen-Ninomiya theorem %

@article{Nielsen1981,
	title     = {A no-go theorem for regularizing chiral fermions},
	author    = {Nielsen, H.B. and Ninomiya, M.},
	journal   = {Physics Letters B},
	volume    = {105},
	issue     = {2-3},
	publisher = {Elsevier BV},
	year      = {1981},
	month     = {Oct},
	pages     = {219-223},
	url       = {https://doi.org/10.1016/0370-2693(81)91026-1},
}

@article{Nielsen1981,
	title     = {Absence of neutrinos on a lattice I},
	author    = {Nielsen, H.B. and Ninomiya, M.},
	journal   = {Nuclear Physics B},
	volume    = {185},
	issue     = {1},
	publisher = {Elsevier BV},
	year      = {1981},
	month     = {Jul},
	pages     = {20-40},
	url       = {https://doi.org/10.1016/0550-3213(81)90361-8},
}

@article{Nielsen1981,
	title     = {Absence of neutrinos on a lattice II},
	author    = {Nielsen, H.B. and Ninomiya, M.},
	journal   = {Nuclear Physics B},
	volume    = {193},
	issue     = {1},
	publisher = {Elsevier BV},
	year      = {1981},
	month     = {Dec},
	pages     = {173-194},
	url       = {https://doi.org/10.1016/0550-3213(81)90524-1},
}

%1 Haldane conjecture for spin chains %

@article{Haldane1983,
	title     = {Continuum dynamics of the 1-D Heisenberg antiferromagnet: Identification with the O(3) nonlinear sigma model},
	author    = {Haldane, F.D.M.},
	journal   = {Physics Letters A},
	volume    = {93},
	issue     = {9},
	publisher = {Elsevier BV},
	year      = {1983},
	month     = {Feb},
	pages     = {464-468},
	url       = {https://doi.org/10.1016/0375-9601(83)90631-x},
}

@article{Haldane1983_2,
	title     = {Nonlinear Field Theory of Large-Spin Heisenberg Antiferromagnets: Semiclassically Quantized Solitons of the One-Dimensional Easy-Axis Néel State},
	author    = {Haldane, F. D. M.},
	journal   = {Phys. Rev. Lett.},
	volume    = {50},
	issue     = {15},
	publisher = {American Physical Society (APS)},
	year      = {1983},
	month     = {Apr},
	pages     = {1153-1156},
	url       = {https://doi.org/10.1103/physrevlett.50.1153},
}

%1 Berry Phase %

@article{Berry1984,
	title     = {Quantal Phase Factors Accompanying Adiabatic Changes},
	author    = {Berry, M. V.},
	journal   = {Proceedings of the Royal Society A: Mathematical, Physical and Engineering Sciences},
	volume    = {392},
	issue     = {1802},
	publisher = {The Royal Society},
	year      = {1984},
	month     = {Mar},
	pages     = {45-57},
	url       = {https://doi.org/10.1098/rspa.1984.0023},
}

%1 Bosonization %

@article{Coleman1975,
	title     = {Quantum sine-Gordon equation as the massive Thirring model},
	author    = {Coleman, Sidney},
	journal   = {Phys. Rev. D},
	volume    = {11},
	issue     = {8},
	publisher = {American Physical Society (APS)},
	year      = {1975},
	month     = {Apr},
	pages     = {2088-2097},
	url       = {https://doi.org/10.1103/physrevd.11.2088},
}

@article{Mandelstam1975,
	title     = {Soliton operators for the quantized sine-Gordon equation},
	author    = {Mandelstam, S.},
	journal   = {Phys. Rev. D},
	volume    = {11},
	issue     = {10},
	publisher = {American Physical Society (APS)},
	year      = {1975},
	month     = {May},
	pages     = {3026-3030},
	url       = {https://doi.org/10.1103/physrevd.11.3026},
}

@article{Luther1975,
	title     = {Calculation of critical exponents in two dimensions from quantum field theory in one dimension},
	author    = {Luther, A. and Peschel, I.},
	journal   = {Phys. Rev. B},
	volume    = {12},
	issue     = {9},
	publisher = {American Physical Society (APS)},
	year      = {1975},
	month     = {Nov},
	pages     = {3908-3917},
	url       = {https://doi.org/10.1103/physrevb.12.3908},
}

@article{Witten1984,
	title     = {Non-abelian bosonization in two dimensions},
	author    = {Witten, Edward},
	journal   = {Commun.Math. Phys.},
	volume    = {92},
	issue     = {4},
	publisher = {Springer Science and Business Media LLC},
	year      = {1984},
	month     = {Dec},
	pages     = {455-472},
	url       = {https://doi.org/10.1007/bf01215276},
}

@article{Polyakov1983,
	title     = {Theory of nonabelian goldstone bosons in two dimensions},
	author    = {Polyakov, A. and Wiegmann, P.B.},
	journal   = {Physics Letters B},
	volume    = {131},
	issue     = {1-3},
	publisher = {Elsevier BV},
	year      = {1983},
	month     = {Nov},
	pages     = {121-126},
	url       = {https://doi.org/10.1016/0370-2693(83)91104-8},
}

@article{Polyakov1984,
	title     = {Goldstone fields in two dimensions with multivalued actions},
	author    = {Polyakov, A.M. and Wiegmann, P.B.},
	journal   = {Physics Letters B},
	volume    = {141},
	issue     = {3-4},
	publisher = {Elsevier BV},
	year      = {1984},
	month     = {Jun},
	pages     = {223-228},
	url       = {https://doi.org/10.1016/0370-2693(84)90206-5},
}

%1 Kitaev toric code %

@article{Kitaev2003,
	title     = {Fault-tolerant quantum computation by anyons},
	author    = {Kitaev, A.Yu.},
	journal   = {Annals of Physics},
	volume    = {303},
	issue     = {1},
	publisher = {Elsevier BV},
	year      = {2003},
	month     = {Jan},
	pages     = {2-30},
	url       = {https://doi.org/10.1016/s0003-4916(02)00018-0},
}

%1 Kitaev chain %

@article{Kitaev2001,
	title     = {Unpaired Majorana fermions in quantum wires},
	author    = {Kitaev, A Yu},
	journal   = {Phys.-Usp.},
	volume    = {44},
	issue     = {10S},
	publisher = {Uspekhi Fizicheskikh Nauk (UFN) Journal},
	year      = {2001},
	month     = {Oct},
	pages     = {131-136},
	url       = {https://doi.org/10.1070/1063-7869/44/10s/s29},
}

@article{Alicea2012,
	title     = {New directions in the pursuit of Majorana fermions in solid state systems},
	author    = {Alicea, Jason},
	journal   = {Rep. Prog. Phys.},
	volume    = {75},
	issue     = {7},
	publisher = {IOP Publishing},
	year      = {2012},
	month     = {Jun},
	pages     = {076501},
	url       = {https://doi.org/10.1088/0034-4885/75/7/076501},
}

@article{Leijnse2012,
	title     = {Introduction to topological superconductivity and Majorana fermions},
	author    = {Leijnse, Martin and Flensberg, Karsten},
	journal   = {Semicond. Sci. Technol.},
	volume    = {27},
	issue     = {12},
	publisher = {IOP Publishing},
	year      = {2012},
	month     = {Nov},
	pages     = {124003},
	url       = {https://doi.org/10.1088/0268-1242/27/12/124003},
}

%1 Half-quantum vortices in p-wave superconductors %

@article{Ivanov2001,
	title     = {Non-Abelian Statistics of Half-Quantum Vortices in p-Wave Superconductors},
	author    = {Ivanov, D. A.},
	journal   = {Phys. Rev. Lett.},
	volume    = {86},
	issue     = {2},
	publisher = {American Physical Society (APS)},
	year      = {2001},
	month     = {Jan},
	pages     = {268-271},
	url       = {https://doi.org/10.1103/physrevlett.86.268},
}

%1 Kane-Mele model %

@article{Kane2005,
	title     = {Z2 Topological Order and the Quantum Spin Hall Effect},
	author    = {Kane, C. L. and Mele, E. J.},
	journal   = {Phys. Rev. Lett.},
	volume    = {95},
	issue     = {14},
	publisher = {American Physical Society (APS)},
	year      = {2005},
	month     = {Sep},
	url       = {https://doi.org/10.1103/physrevlett.95.146802},
}

@article{Kane2005_2,
	title     = {Quantum Spin Hall Effect in Graphene},
	author    = {Kane, C. L. and Mele, E. J.},
	journal   = {Phys. Rev. Lett.},
	volume    = {95},
	issue     = {22},
	publisher = {American Physical Society (APS)},
	year      = {2005},
	month     = {Nov},
	url       = {https://doi.org/10.1103/physrevlett.95.226801},
}

%1 Kitaev model on the honeycomb lattice %

@article{Kitaev2006,
	title     = {Anyons in an exactly solved model and beyond},
	author    = {Kitaev, Alexei},
	journal   = {Annals of Physics},
	volume    = {321},
	issue     = {1},
	publisher = {Elsevier BV},
	year      = {2006},
	month     = {Jan},
	pages     = {2-111},
	url       = {https://doi.org/10.1016/j.aop.2005.10.005},
}

%1	Generalized perturbation theory %

@article{Kato1949,
	author    = {Kato, Tosio},
	title     = {On the Convergence of the Perturbation Method. I},
	journal   = {Progress of Theoretical Physics},
	volume    = {4},
	number    = {4},
	pages     = {514-523},
	year      = {1949},
	month     = {12},
	doi       = {10.1143/ptp/4.4.514},
	url       = {https://doi.org/10.1143/ptp/4.4.514},
}

@article{Bloch1958,
	title     = {Sur la théorie des perturbations des états liés},
	journal   = {Nuclear Physics},
	volume    = {6},
	pages     = {329-347},
	year      = {1958},
	issn      = {0029-5582},
	doi       = {10.1016/0029-5582(58)90116-0},
	url       = {https://doi.org/10.1016/0029-5582(58)90116-0},
	author    = {Claude Bloch},
}

%1	Magnetic quantum tunneling %

@book{Chudnovsky1998,
	author    = {Chudnovsky, Eugene M. and Tejada, Javier},
	title     = {Macroscopic Quantum Tunneling of the Magnetic Moment},
	series    = {Cambridge Studies in Magnetism},
	publisher = {Cambridge University Press},
	doi       = {10.1017/CBO9780511524219},
	url       = {https:/doi.org/10.1017/CBO9780511524219},
	year      = {1998},
}

@article{Sessoli2003,
	author  = {Gatteschi, Dante and Sessoli, Roberta},
	title   = {Quantum Tunneling of Magnetization and Related Phenomena in Molecular Materials},
	journal = {Angewandte Chemie International Edition},
	volume  = {42},
	number  = {3},
	pages   = {268-297},
	doi     = {10.1002/anie.200390099},
	url     = {https:/doi.org/10.1002/anie.200390099},
	year    = {2003},
}

@book{Sessoli2006,
	series    = {Mesoscopic Physics and Nanotechnology},
	title     = {Molecular Nanomagnets},
	publisher = {Oxford University Press},
	author    = {Gatteschi, Dante and Sessoli, Roberta and Villain, Jacques},
	year      = {2006},
	doi       = {10.1093/acprof:oso/9780198567530.001.0001},
	url       = {https://doi.org/10.1093/acprof:oso/9780198567530.001.0001},
}

%2	Dissipation %

@article{Leggett1987,
	title     = {Dynamics of the dissipative two-state system},
	author    = {Leggett, A. J. and Chakravarty, S. and Dorsey, A. T. and Fisher, Matthew P. A. and Garg, Anupam and Zwerger, W.},
	journal   = {Rev. Mod. Phys.},
	volume    = {59},
	issue     = {1},
	pages     = {1--85},
	year      = {1987},
	month     = {Jan},
	publisher = {American Physical Society},
	doi       = {10.1103/RevModPhys.59.1},
	url       = {https://doi.org/10.1103/RevModPhys.59.1},
}

%2		Single channel perturbation theory %

@article{Hartmann-Boutron1995,
	title     = {Tunneling in Mesoscopic Magnetic Molecules},
	author    = {Politi, P. and Rettori, A. and Hartmann-Boutron, F. and Villain, J.},
	journal   = {Phys. Rev. Lett.},
	volume    = {75},
	issue     = {3},
	pages     = {537--540},
	year      = {1995},
	month     = {Jul},
	publisher = {American Physical Society},
	doi       = {10.1103/PhysRevLett.75.537},
	url       = {https:/doi.org/10.1103/PhysRevLett.75.537},
}

@article{Hartmann-Boutron1996,
	title     = {Tunneling and Magnetic Relaxation in Mesoscopic Molecules},
	author    = {Hartmann-Boutron, Françoise and Politi, Paolo and Villain, Jacques},
	journal   = {International Journal of Modern Physics B},
	volume    = {10},
	number    = {21},
	pages     = {2577-2637},
	year      = {1996},
	doi       = {10.1142/S0217979296001148},
	url       = {https://doi.org/10.1142/S0217979296001148},
}

%2	WKB approximation %

@article{vanHemmen1986,
	title     = {Tunnelling of Quantum Spins},
	author    = {J. L. van Hemmen and A. Sütö},
	url       = {https:/doi.org/10.1209/0295-5075/1/10/001},
	doi       = {10.1209/0295-5075/1/10/001},
	year      = {1986},
	month     = {May},
	publisher = {IOP Publishing},
	volume    = {1},
	number    = {10},
	pages     = {481--490},
	journal   = {Europhysics Letters (EPL)},
}

@article{vanHemmen1998,
	title     = {Semiclassical quantization and resonance in spin tunnelling},
	author    = {J L van Hemmen and A. Süto},
	doi       = {10.1088/0305-4470/31/49/020},
	url       = {https://doi.org/10.1088/0305-4470/31/49/020},
	year      = {1998},
	month     = {dec},
	publisher = {IOP Publishing},
	volume    = {31},
	number    = {49},
	pages     = {10029--10043},
	journal   = {Journal of Physics A: Mathematical and General},
}

%2		Instanton and Path Integral Approach %

@article{Enz1986,
	author    = {M. Enz and R. Schilling},
	title     = {Magnetic field dependence of the tunnelling splitting of quantum spins},
	year      = {1986},
	publisher = {IOP Publishing},
	volume    = {19},
	number    = {30},
	pages     = {L711--L715},
	journal   = {Journal of Physics C: Solid State Physics},
	doi       = {10.1088/0022-3719/19/30/005},
	url       = {https://doi.org/10.1088/0022-3719/19/30/005},
}

@article{Chudnovsky1988,
	title     = {Quantum Tunneling of Magnetization in Small Ferromagnetic Particles},
	author    = {Chudnovsky, E. M. and Gunther, L.},
	journal   = {Phys. Rev. Lett.},
	volume    = {60},
	issue     = {8},
	pages     = {661--664},
	year      = {1988},
	month     = {Feb},
	publisher = {American Physical Society},
	doi       = {10.1103/PhysRevLett.60.661},
	url       = {https://doi.org/10.1103/PhysRevLett.60.661},
}

@article{Loss1992,
	title     = {Suppression of tunneling by interference in half-integer-spin particles},
	author    = {Loss, Daniel and DiVincenzo, David P. and Grinstein, G.},
	journal   = {Phys. Rev. Lett.},
	volume    = {69},
	issue     = {22},
	pages     = {3232-3235},
	year      = {1992},
	month     = {Nov},
	publisher = {American Physical Society},
	doi       = {10.1103/PhysRevLett.69.3232},
}

@article{Delft1992,
	title     = {Destructive quantum interference in spin tunneling problems},
	author    = {von Delft, Jan and Henley, Christopher L.},
	journal   = {Phys. Rev. Lett.},
	volume    = {69},
	issue     = {22},
	pages     = {3236-3239},
	year      = {1992},
	month     = {Nov},
	publisher = {American Physical Society},
	doi       = {10.1103/PhysRevLett.69.3236},
	url       = {https://doi.org/10.1103/PhysRevLett.69.3236},
}

@article{Garg1993,
	title     = {Topologically Quenched Tunnel Splitting in Spin Systems without Kramers{\textquotesingle} Degeneracy},
	author    = {Anupam Garg},
	journal   = {Europhysics Letters (EPL)},
	year      = {1993},
	month     = {apr},
	publisher = {IOP Publishing},
	volume    = {22},
	number    = {3},
	pages     = {205--210},
	doi       = {10.1209/0295-5075/22/3/008},
	url       = {https:/doi.org/10.1209/0295-5075/22/3/008},
}

@article{Chudnovsky1994,
	title     = {Conservation of angular momentum in the problem of tunneling of the magnetic moment},
	author    = {Chudnovsky, Eugene M.},
	journal   = {Phys. Rev. Lett.},
	volume    = {72},
	issue     = {21},
	pages     = {3433--3436},
	year      = {1994},
	month     = {May},
	publisher = {American Physical Society},
	doi       = {10.1103/PhysRevLett.72.3433},
	url       = {https:/doi.org/10.1103/PhysRevLett.72.3433},
}

%2		Molecular Magnet experiments %

@article{Sessoli1991,
	author  = {Caneschi, Andrea and Gatteschi, Dante and Sessoli, Roberta and Barra, Anne Laure and Brunel, Louis Claude and Guillot, Maurice},
	title   = {Alternating current susceptibility, high field magnetization, and millimeter band EPR evidence for a ground S = 10 state in [Mn12O12(Ch3COO)16(H2O)4].2CH3COOH.4H2O},
	journal = {Journal of the American Chemical Society},
	volume  = {113},
	number  = {15},
	pages   = {5873-5874},
	year    = {1991},
	doi     = {10.1021/ja00015a057},
	url     = {https://doi.org/10.1021/ja00015a057},
}

@article{Paulsen1995,
	title     = {Novel features in the relaxation times of Mn12Ac},
	author    = {C. Paulsen and J.-G. Park and B. Barbara and R. Sessoli and A. Caneschi},
	journal   = {Journal of Magnetism and Magnetic Materials},
	volume    = {140-144},
	pages     = {379-380},
	year      = {1995},
	note      = {International Conference on Magnetism},
	doi       = {10.1016/0304-8853(94)00962-7},
	url       = {https://doi.org/10.1016/0304-8853(94)00962-7},
}

@article{Wernsdorfer1995,
	title     = {Mesoscopic quantum tunneling of the magnetization},
	author    = {B. Barbara and W. Wernsdorfer and L.C. Sampaio and J.G. Park and C. Paulsen and M.A. Novak and R. Ferré and D. Mailly and R. Sessoli and A. Caneschi and K. Hasselbach and A. Benoit and L. Thomas},
	journal   = {Journal of Magnetism and Magnetic Materials},
	volume    = {140-144},
	pages     = {1825-1828},
	year      = {1995},
	note      = {International Conference on Magnetism},
	doi       = {10.1016/0304-8853(94)00585-0},
	url       = {https://doi.org/10.1016/0304-8853(94)00585-0},
}

@article{Wernsdorfer1999,
	author    = {Wernsdorfer, W. and Sessoli, R.},
	title     = {Quantum Phase Interference and Parity Effects in Magnetic Molecular Clusters},
	volume    = {284},
	number    = {5411},
	pages     = {133--135},
	year      = {1999},
	doi       = {10.1126/science.284.5411.133},
	url       = {https:/doi.org/10.1126/science.284.5411.133},
	publisher = {American Association for the Advancement of Science},
	journal   = {Science},
}

@article{Sorensen2018,
	title     = {Chemical tunnel-splitting-engineering in a dysprosium-based molecular nanomagnet},
	volume    = {9},
	ISSN      = {2041-1723},
	url       = {http://dx.doi.org/10.1038/s41467-018-03706-x},
	DOI       = {10.1038/s41467-018-03706-x},
	number    = {1},
	journal   = {Nature Communications},
	publisher = {Springer Science and Business Media LLC},
	author    = {Sørensen, Mikkel A. and Hansen, Ursula B. and Perfetti, Mauro and Pedersen, Kasper S. and Bartolomé, Elena and Simeoni, Giovanna G. and Mutka, Hannu and Rols, Stéphane and Jeong, Minki and Zivkovic, Ivica and et al.},
	year      = {2018},
	month     = {Mar}
}

%1	Electron tunneling, magnetoresistance, Aharonov-Bohm %

@article{Shklovskii1985_1,
	author    = {Nguyen, V. and Spivak, Boris and Shklovskii, B.},
	title     = {Aaronov-Bohm oscillations with normal and superconducting flux quanta in hopping conductivity},
	journal   = {Jetp Letters - JETP LETT-ENGL TR},
	year      = {1985},
	month     = {01},
	volume    = {41},
	url       = {https://ui.adsabs.harvard.edu/abs/1985ZhPmR..41...35N},
}

@article{Shklovskii1985_2,
	author    = {Nguyen, V. and Spivak, Boris and Shklovskii, B.},
	title     = {Tunnel hopping in disordered systems},
	journal   = {Jetp Letters - JETP LETT-ENGL TR},
	year      = {1985},
	month     = {Nov},
	volume    = {62},
	pages     = {1021},
	url       = {https://ui.adsabs.harvard.edu/abs/1985ZhETF..89.1770N},
}

@article{Sivan1988,
	title     = {Orbital magnetoconductance in the variable-range--hopping regime},
	author    = {Sivan, U. and Entin-Wohlman, O. and Imry, Y.},
	journal   = {Phys. Rev. Lett.},
	volume    = {60},
	issue     = {15},
	pages     = {1566--1569},
	year      = {1988},
	month     = {Apr},
	publisher = {American Physical Society},
	doi       = {10.1103/PhysRevLett.60.1566},
	url       = {https://doi.org/10.1103/PhysRevLett.60.1566},
}

@incollection{Shklovskii1991,
	title     = {CHAPTER 9 - Scattering and Interference Effects in Variable Range Hopping Conduction},
	author    = {B.I. Shklovskii and B.Z. Spivak},
	editor    = {M. Pollak and B. Shklovskii},
	booktitle = {Hopping Transport in Solids},
	series    = {Modern Problems in Condensed Matter Sciences},
	publisher = {Elsevier},
	volume    = {28},
	pages     = {271-348},
	year      = {1991},
	issn      = {0167-7837},
	doi       = {10.1016/B978-0-444-88037-6.50015-4},
	url       = {https://doi.org/10.1016/B978-0-444-88037-6.50015-4},
}

@article{Zhao1991,
	title     = {Negative magnetoresistance in variable-range-hopping conduction},
	author    = {Zhao, Hui Lin and Spivak, Boris Z. and Gelfand, Martin P. and Feng, Shechao},
	journal   = {Phys. Rev. B},
	volume    = {44},
	issue     = {19},
	pages     = {10760--10767},
	year      = {1991},
	month     = {Nov},
	publisher = {American Physical Society},
	doi       = {10.1103/PhysRevB.44.10760},
	url       = {https://doi.org/10.1103/PhysRevB.44.10760},
}

@article{Kardar1992,
	title     = {Quantum interference effects for strongly localized electrons},
	author    = {Medina, Ernesto and Kardar, Mehran},
	journal   = {Phys. Rev. B},
	volume    = {46},
	issue     = {16},
	pages     = {9984--10006},
	year      = {1992},
	month     = {Oct},
	publisher = {American Physical Society},
	doi       = {10.1103/PhysRevB.46.9984},
	url       = {https://doi.org/10.1103/PhysRevB.46.9984},
}

@article{Syzranov2012,
	title     = {Strong Quantum Interference in Strongly Disordered Bosonic Insulators},
	author    = {Syzranov, S. V. and Moor, A. and Efetov, K. B.},
	journal   = {Phys. Rev. Lett.},
	volume    = {108},
	issue     = {25},
	pages     = {256601},
	year      = {2012},
	month     = {Jun},
	publisher = {American Physical Society},
	doi       = {10.1103/PhysRevLett.108.256601},
	url       = {https://doi.org/10.1103/PhysRevLett.108.256601},
}

@article{Muller2013,
	title     = {Magnetoresistance and localization in bosonic insulators},
	author    = {Markus Müller},
	year      = {2013},
	month     = {Jun},
	publisher = {IOP Publishing},
	volume    = {102},
	number    = {6},
	pages     = {67008},
	journal   = {EPL (Europhysics Letters)},
	doi       = {10.1209/0295-5075/102/67008},
	url       = {https://doi.org/10.1209/0295-5075/102/67008},
}

%1	Edge zero modes in spin chains %

@article{Affleck1987,
	title   = {Rigorous results on valence-bond ground states in antiferromagnets},
	author  = {Affleck, Ian and Kennedy, Tom and Lieb, Elliott H. and Tasaki, Hal},
	journal = {Physical Review Letters},
	volume  = {59},
	number  = {7},
	pages   = {799},
	year    = {1987},
	issn    = {0031-9007},
	url     = {https://link.aps.org/doi/10.1103/PhysRevLett.59.799},
	doi     = {10.1103/PhysRevLett.59.799}
}

@article{Fendley2016,
	title     = {Strong zero modes and eigenstate phase transitions in the XYZ/interacting Majorana chain},
	author    = {Paul Fendley},
	doi       = {10.1088/1751-8113/49/30/30lt01},
	url       = {https://doi.org/10.1088/1751-8113/49/30/30lt01},
	year      = {2016},
	month     = {jun},
	publisher = {IOP Publishing},
	volume    = {49},
	number    = {30},
	pages     = {30LT01},
	journal   = {Journal of Physics A: Mathematical and Theoretical},
}

@article{Natalia2017,
	title     = {Exact zero modes in frustrated Haldane chains},
	author    = {Chepiga, Natalia and Mila, Fr\'ed\'eric},
	journal   = {Phys. Rev. B},
	volume    = {96},
	issue     = {6},
	pages     = {060409},
	year      = {2017},
	month     = {Aug},
	publisher = {American Physical Society},
	doi       = {10.1103/PhysRevB.96.060409},
	url       = {https://link.aps.org/doi/10.1103/PhysRevB.96.060409}
}

@article{Natalia2018,
	title     = {Rigorous decoupling between edge states in frustrated spin chains and ladders},
	author    = {Chepiga, Natalia and Mila, Fr\'ed\'eric},
	journal   = {Phys. Rev. B},
	volume    = {97},
	issue     = {17},
	pages     = {174434},
	year      = {2018},
	month     = {May},
	publisher = {American Physical Society},
	doi       = {10.1103/PhysRevB.97.174434},
	url       = {https://link.aps.org/doi/10.1103/PhysRevB.97.174434}
}

%2		Dynamical properties of edge modes %

@article{Kemp2017,
	title     = {Long coherence times for edge spins},
	author    = {Jack Kemp and Norman Y Yao and Christopher R Laumann and Paul Fendley},
	year      = {2017},
	month     = {jun},
	publisher = {IOP Publishing},
	volume    = {2017},
	number    = {6},
	pages     = {063105},
	journal   = {Journal of Statistical Mechanics: Theory and Experiment},
	doi       = {10.1088/1742-5468/aa73f0},
	url       = {https://doi.org/10.1088/1742-5468/aa73f0},
}

@article{Else2017,
	title       = {Prethermal Strong Zero Modes and Topological Qubits},
	author      = {Else, Dominic V. and Fendley, Paul and Kemp, Jack and Nayak, Chetan},
	journal     = {Phys. Rev. X},
	volume      = {7},
	issue       = {4},
	pages       = {041062},
	year        = {2017},
	month       = {Dec},
	publisher   = {American Physical Society},
	doi         = {10.1103/PhysRevX.7.041062},
	url         = {https://doi.org/10.1103/PhysRevX.7.041062},
}

%1	Lattice Spin Models %

@article{Lieb1961,
	title     = {Two soluble models of an antiferromagnetic chain},
	author    = {Elliott Lieb and Theodore Schultz and Daniel Mattis},
	journal   = {Annals of Physics},
	volume    = {16},
	number    = {3},
	pages     = {407-466},
	year      = {1961},
	doi       = {0003-4916(61)90115-4},
	url       = {https://doi.org/10.1016/0003-4916(61)90115-4},
}

@article{Katsura1962,
	title     = {Statistical Mechanics of the Anisotropic Linear Heisenberg Model},
	author    = {Katsura, Shigetoshi},
	journal   = {Phys. Rev.},
	volume    = {127},
	issue     = {5},
	pages     = {1508--1518},
	year      = {1962},
	month     = {Sep},
	publisher = {American Physical Society},
	doi       = {10.1103/PhysRev.127.1508},
	url       = {https://doi.org/10.1103/PhysRev.127.1508},
}

@article{Pfeuty1970,
	author    = {Pfeuty, P.},
	title     = {The one-dimensional Ising model with a transverse field},
	journal   = {Annals of Physics},
	year      = {1970},
	month     = {Mar},
	volume    = {57},
	pages     = {79-90},
	doi       = {10.1016/0003-4916(70)90270-8},
	url       = {https://doi.org/10.1016/0003-4916(70)90270-8},
}

@article{Barouch1970,
	title     = {Statistical Mechanics of the XY Model. I},
	author    = {Barouch, Eytan and McCoy, Barry M. and Dresden, Max},
	journal   = {Phys. Rev. A},
	volume    = {2},
	issue     = {3},
	pages     = {1075-1092},
	year      = {1970},
	month     = {Sep},
	publisher = {American Physical Society},
	doi       = {10.1103/PhysRevA.2.1075},
	url       = {https://doi.org/10.1103/PhysRevA.2.1075},
}

@article{Barouch1971_1,
	title     = {Statistical Mechanics of the XY Model. II. Spin-Correlation Functions},
	author    = {Barouch, Eytan and McCoy, Barry M.},
	journal   = {Phys. Rev. A},
	volume    = {3},
	issue     = {2},
	pages     = {786--804},
	year      = {1971},
	month     = {Feb},
	publisher = {American Physical Society},
	doi       = {10.1103/PhysRevA.3.786},
	url       = {https://doi.org/10.1103/PhysRevA.3.786},
}

@article{Barouch1971_2,
	title     = {Statistical Mechanics of the XY Model. III},
	author    = {Barouch, Eytan and McCoy, Barry M.},
	journal   = {Phys. Rev. A},
	volume    = {3},
	issue     = {6},
	pages     = {2137--2140},
	year      = {1971},
	month     = {Jun},
	publisher = {American Physical Society},
	doi       = {10.1103/PhysRevA.3.2137},
	url       = {https://doi.org/10.1103/PhysRevA.3.2137},
}

@article{Barouch1971_3,
	title     = {Statistical Mechanics of the XY Model. IV. Time-Dependent Spin-Correlation Functions},
	author    = {McCoy, Barry M. and Barouch, Eytan and Abraham, Douglas B.},
	journal   = {Phys. Rev. A},
	volume    = {4},
	issue     = {6},
	pages     = {2331--2341},
	year      = {1971},
	month     = {Dec},
	publisher = {American Physical Society},
	doi       = {10.1103/PhysRevA.4.2331},
	url       = {https://doi.org/10.1103/PhysRevA.4.2331},
}

@article{Peschel1981,
	author    = {Peschel, I. and Emery, V. J.},
	title     = {Calculation of spin correlations in two-dimensional Ising systems from one-dimensional kinetic models},
	journal   = {Zeitschrift f{\"u}r Physik B Condensed Matter},
	year      = {1981},
	month     = {Sep},
	volume    = {43},
	number    = {3},
	pages     = {241--249},
	doi       = {10.1007/BF01297524},
	url       = {https://doi.org/10.1007/BF01297524},
}

@article{Rujan1981,
	title     = {Critical behavior of two-dimensional models with spatially modulated phases: Analytic results},
	author    = {Ruj\'an, P.},
	journal   = {Phys. Rev. B},
	volume    = {24},
	issue     = {11},
	pages     = {6620-6631},
	year      = {1981},
	month     = {Dec},
	publisher = {American Physical Society},
	doi       = {10.1103/PhysRevB.24.6620},
	url       = {https://doi.org/10.1103/PhysRevB.24.6620},
}

@article{Becker1987,
	author    = {Becker, R.~S. and Golovchenko, J.~A. and Swartzentruber, B.~S.},
	title     = {Atomic-scale surface modifications using a tunnelling microscope},
	journal   = {\nat},
	year      = {1987},
	month     = {Jan},
	volume    = {325},
	pages     = {419-421},
	doi       = {10.1038/325419a0},
	url       = {https://doi.org/10.1038/325419a0},
}

@article{Dmitriev2002,
	title     = {Gap generation in the XXZ model in a transverse magnetic field},
	author    = {Dmitriev, D. V. and Krivnov, V. Ya. and Ovchinnikov, A. A.},
	journal   = {Phys. Rev. B},
	volume    = {65},
	issue     = {17},
	pages     = {172409},
	year      = {2002},
	month     = {Apr},
	publisher = {American Physical Society},
	doi       = {10.1103/PhysRevB.65.172409},
	url       = {https://doi.org/10.1103/PhysRevB.65.172409},
}

@article{Matteo2006,
	title     = {Density-matrix renormalization-group study of the disorder line in the quantum axial next-nearest-neighbor Ising model},
	author    = {Beccaria, Matteo and Campostrini, Massimo and Feo, Alessandra},
	journal   = {Phys. Rev. B},
	volume    = {73},
	issue     = {5},
	pages     = {52402},
	year      = {2006},
	month     = {Feb},
	publisher = {American Physical Society},
	doi       = {10.1103/PhysRevB.73.052402},
	url       = {https://doi.org/10.1103/PhysRevB.73.052402},
}

@article{Gregoire2017,
	title     = {Level crossings induced by a longitudinal coupling in the transverse field Ising chain},
	author    = {Vionnet, Gr\'egoire and Kumar, Brijesh and Mila, Fr\'ed\'eric},
	journal   = {Phys. Rev. B},
	volume    = {95},
	issue     = {17},
	pages     = {174404},
	year      = {2017},
	month     = {May},
	publisher = {American Physical Society},
	doi       = {10.1103/PhysRevB.95.174404},
	url       = {https://doi.org/10.1103/PhysRevB.95.174404},
}

@article{Sarma2015,
	title     = {Majorana Zero Modes and Topological Quantum Computation},
	author    = {Das Sarma, Sankar and Freedman, Michael and Nayak, Chetan},
	year      = {2015},
	month     = {01},
	pages     = {},
	volume    = {1},
	journal   = {npj Quantum Information},
	doi       = {10.1038/npjqi.2015.1},
	url       = {https://doi.org/10.1038/npjqi.2015.1},
}

%2		LiHoF4 %

@article{Chakraborty2004,
	title     = {Theory of the magnetic phase diagram of $\mathrm{Li}\mathrm{Ho}{\mathrm{F}}_{4}$},
	author    = {Chakraborty, P. B. and Henelius, P. and Kj\o{}nsberg, H. and Sandvik, A. W. and Girvin, S. M.},
	journal   = {Phys. Rev. B},
	volume    = {70},
	issue     = {14},
	pages     = {144411},
	year      = {2004},
	month     = {Oct},
	publisher = {American Physical Society},
	url       = {https://doi.org/10.1103/PhysRevB.70.144411}
}

@article{Gingras2008,
	author  = {Tabei, S.M. Ali and Gingras, M. and Kao, Ying-Jer and Yavors'kii, T.},
	year    = {2008},
	month   = {02},
	title   = {Perturbative Quantum Monte Carlo Study of LiHoF4 in a Transverse Magnetic Field},
	volume  = {78},
	journal = {Physical Review B},
	url     = {https://doi.org/10.1103/PhysRevB.78.184408}
}

	%1	STM experiments %

@article{Eigler1990,
	author    = {Eigler, D.~M. and Schweizer, E.~K.},
	title     = {Positioning single atoms with a scanning tunnelling microscope},
	journal   = {\nat},
	year      = {1990},
	month     = {apr},
	volume    = {344},
	pages     = {524-526},
	doi       = {10.1038/344524a0},
	url       = {https://doi.org/10.1038/344524a0},
}

@article{Heinrich2004,
	author    = {Heinrich, A. J. and Gupta, J. A. and Lutz, C. P. and Eigler, D. M.},
	title     = {Single-Atom Spin-Flip Spectroscopy},
	volume    = {306},
	number    = {5695},
	pages     = {466-469},
	year      = {2004},
	doi       = {10.1126/science.1101077},
	url       = {https://doi.org/10.1126/science.1101077},
	publisher = {American Association for the Advancement of Science},
	journal   = {Science},
}

@article{Meier2008,
	author    = {Meier, Focko and Zhou, Lihui and Wiebe, Jens and Wiesendanger, Roland},
	title     = {Revealing Magnetic Interactions from Single-Atom Magnetization Curves},
	volume    = {320},
	number    = {5872},
	pages     = {82-86},
	year      = {2008},
	doi       = {10.1126/science.1154415},
	url       = {https://doi.org/10.1126/science.1154415},
	publisher = {American Association for the Advancement of Science},
	journal   = {Science},
}

@article{Brovko2008,
	title       = {Tailoring Exchange Interactions in Engineered Nanostructures: An Ab Initio Study},
	author      = {Brovko, O. O. and Ignatiev, P. A. and Stepanyuk, V. S. and Bruno, P.},
	journal     = {Phys. Rev. Lett.},
	volume      = {101},
	issue       = {3},
	pages       = {036809},
	year        = {2008},
	month       = {Jul},
	publisher   = {American Physical Society},
	doi         = {10.1103/PhysRevLett.101.036809},
	url         = {https://dot.org/10.1103/PhysRevLett.101.036809}
}

@article{Khajetoorians2011,
	author    = {Khajetoorians, Alexander Ako and Wiebe, Jens and Chilian, Bruno and Wiesendanger, Roland},
	title     = {Realizing All-Spin{\textendash}Based Logic Operations Atom by Atom},
	volume    = {332},
	number    = {6033},
	pages     = {1062-1064},
	year      = {2011},
	doi       = {10.1126/science.1201725},
	url       = {https://doi.org/10.1126/science.1201725},
	publisher = {American Association for the Advancement of Science},
	journal   = {Science},
}

@article{Khajetoorians2012,
	author    = {Khajetoorians, Alexander and Wiebe, Jens and Chilian, Bruno and Lounis, Samir and Blügel, Stefan and Wiesendanger, Roland},
	year      = {2012},
	month     = {02},
	pages     = {13008-},
	title     = {Atom-by-atom engineering and atomic magnetometry of tailored nanomagnets with SP-STM},
	volume    = {8},
	journal   = {Nature Physics},
	doi       = {10.1038/nphys2299},
	url       = {https://doi.org/10.1038/nphys2299},
}

@article{Hassler2012,
	title     = {Strongly interacting Majorana modes in an array of Josephson junctions},
	author    = {Fabian Hassler and Dirk Schuricht},
	year      = {2012},
	month     = {dec},
	publisher = {IOP Publishing},
	volume    = {14},
	number    = {12},
	pages     = {125018},
	journal   = {New Journal of Physics},
	doi       = {10.1088/1367-2630/14/12/125018},
	url       = {https://doi.org/10.1088/1367-2630/14/12/125018},
}

@article{Eigler2012,
	author    = {Loth, Sebastian and Baumann, Susanne and Lutz, Christopher P. and Eigler, D. M. and Heinrich, Andreas J.},
	title     = {Bistability in Atomic-Scale Antiferromagnets},
	volume    = {335},
	number    = {6065},
	pages     = {196-199},
	year      = {2012},
	doi       = {10.1126/science.1214131},
	url       = {https://doi.org/10.1126/science.1214131},
	publisher = {American Association for the Advancement of Science},
	issn      = {0036-8075},
	journal   = {Science},
}

@article{Toskovic2016,
	title     = {Atomic spin-chain realization of a model for quantum criticality},
	author    = {Toskovic, R. and van den Berg, R. and Spinelli, A. and Eliens, I. S. and van den Toorn, B. and Bryant, B. and Caux, J.-S. and Otte, A. F.},
	journal   = {Nat Phys},
	year      = {2016},
	month     = {Jul},
	doi       = {10.1038/nphys3722},
	url       = {https://doi.org/10.1038/nphys3722},
	publisher = {Nature Publishing Group},
	volume    = {12},
	number    = {7},
	pages     = {656-660},
}

%1	Floquet systems  %

@article{Chitra2017,
  title = {Sensing Floquet-Majorana fermions via heat transfer},
  author = {Molignini, Paolo and van Nieuwenburg, Evert and Chitra, R.},
  journal = {Phys. Rev. B},
  volume = {96},
  issue = {12},
  pages = {125144},
  numpages = {6},
  year = {2017},
  month = {Sep},
  publisher = {American Physical Society},
  doi = {10.1103/PhysRevB.96.125144},
  url = {https://link.aps.org/doi/10.1103/PhysRevB.96.125144}
}

@article{Dutta2013,
  title = {Floquet generation of Majorana end modes and topological invariants},
  author = {Thakurathi, Manisha and Patel, Aavishkar A. and Sen, Diptiman and Dutta, Amit},
  journal = {Phys. Rev. B},
  volume = {88},
  issue = {15},
  pages = {155133},
  numpages = {13},
  year = {2013},
  month = {Oct},
  publisher = {American Physical Society},
  doi = {10.1103/PhysRevB.88.155133},
  url = {https://link.aps.org/doi/10.1103/PhysRevB.88.155133}
}

@article{Abanin2017_1,
	title     = {Effective Hamiltonians, prethermalization, and slow energy absorption in periodically driven many-body systems},
	author    = {Abanin, Dmitry A. and De Roeck, Wojciech and Ho, Wen Wei and Huveneers, Fran{\c{c}}ois},
	journal   = {Phys. Rev. B},
	volume    = {95},
	issue     = {1},
	pages     = {014112},
	year      = {2017},
	month     = {Jan},
	publisher = {American Physical Society},
	doi       = {10.1103/PhysRevB.95.014112},
	url       = {https://doi.org/10.1103/PhysRevB.95.014112},
}

@article{Abanin2017_2,
	author    = {Abanin, Dmitry and De Roeck, Wojciech and Ho, Wen Wei and Huveneers, Fran{\c{c}}ois},
	title     = {A Rigorous Theory of Many-Body Prethermalization for Periodically Driven and Closed Quantum Systems},
	journal   = {Communications in Mathematical Physics},
	year      = {2017},
	month     = {Sep},
	day       = {01},
	volume    = {354},
	number    = {3},
	pages     = {809--827},
	issn      = {1432-0916},
	doi       = {10.1007/s00220-017-2930-x},
}

%1	Disordered systems %

@article{Fisher1995,
	title     = {Critical behavior of random transverse-field Ising spin chains},
	author    = {Fisher, Daniel S.},
	journal   = {Phys. Rev. B},
	volume    = {51},
	issue     = {10},
	pages     = {6411--6461},
	year      = {1995},
	month     = {Mar},
	publisher = {American Physical Society},
	doi       = {10.1103/PhysRevB.51.6411},
	url       = {https://link.aps.org/doi/10.1103/PhysRevB.51.6411}
}

%1	My articles %

@article{Gouveia2016,
	title     = {Evolution of localized states in Lieb lattices under time-dependent magnetic fields},
	author    = {Gouveia, J. D. and Maceira, I. A. and Dias, R. G.},
	journal   = {Phys. Rev. B},
	volume    = {94},
	issue     = {19},
	pages     = {195132},
	year      = {2016},
	month     = {Nov},
	publisher = {American Physical Society},
	url       = {https://doi.org/10.1103/PhysRevB.94.195132},
}

@article{Ivo2018,
	title     = {Infinite coherence time of edge spins in finite-length chains},
	author    = {Maceira, Ivo A. and Mila, Fr\'ed\'eric},
	journal   = {Phys. Rev. B},
	volume    = {97},
	issue     = {6},
	pages     = {064424},
	year      = {2018},
	month     = {Feb},
	publisher = {American Physical Society},
	url       = {https://doi.org/10.1103/PhysRevB.97.064424},
}

